@online{site:nome_identificativo,
    title   = {Titolo che vuoi dare},
    url     = {http://iltuosito.com/}
}

@online{site:agile-manifesto,
	title   = {Manifesto Agile},
	url     = {http://agilemanifesto.org/iso/it/}
}

@online{site:flux,
	title   = {Flux},
	url     = {http://facebook.github.io/flux/}
}

@online{site:jest-documentation,
	title   = {Jest documentation},
	url     = {https://jestjs.io/docs/en/getting-started}
}

@online{site:rn_documentation,
	title   = {React Native documentation},
	url     = {https://facebook.github.io/react-native/docs/getting-started}
}

@online{site:open_chat,
	title   = {Repository zimlet OpenChat},
	url     = {https://github.com/ZeXtras/OpenChat}
}

@online{site:use_rn,
	title   = {Use React Native},
	url     = {http://www.reactnative.com/}
}

@online{site:redux,
	title   = {Redux},
	url     = {https://redux.js.org}
}
@online{site:expo,
	title   = {Expo documentation},
	url     = {https://docs.expo.io/versions/latest/}
}
@online{site:API,
	title   = {Zimbra SOAP API Reference 8.8.8},
	url     = {https://files.zimbra.com/docs/soap_api/8.8.8/api-reference/index.html}
}

